% This file was created with JabRef 2.10.
% Encoding: UTF-8


@Article{Gavrila2015,
  Title                    = {Mathematical modelling of density and viscosity of nacl aqueous solutions},
  Author                   = {Andrei Ionuţ Simion
Cristina-Gabriela Grigoraş
Ana-Maria Roșu 
Lucian Gavrilă},
  Journal                  = {Journal of Agroalimentary Processes and Technologies},
  Year                     = {2015},
  Number                   = {1},
  Pages                    = {41-52},
  Volume                   = {21},

  Owner                    = {sverre},
  Timestamp                = {2017.07.16}
}

